<?xml version="1.0" encoding="UTF-8"?><collection xmlns="http://www.loc.gov/MARC21/slim"><record><leader>00515nam--2200205-u-4500</leader><controlfield tag="001">000051418</controlfield><controlfield tag="002">20161230</controlfield><controlfield tag="005">20161230201049</controlfield><controlfield tag="008">080714s1000------------r-----000-0-eng-d</controlfield><datafield ind1=" " ind2=" " tag="020"><subfield code="a">1-58488-221-2</subfield></datafield><datafield ind1=" " ind2=" " tag="040"><subfield code="a">IFIN-HH</subfield></datafield><datafield ind1=" " ind2=" " tag="080"><subfield code="a">517</subfield></datafield><datafield ind1="1" ind2=" " tag="100"><subfield code="a">Anastassiou,George</subfield></datafield><datafield ind1="1" ind2="0" tag="245"><subfield code="a">Quantitative Approximations</subfield></datafield><datafield ind1=" " ind2=" " tag="260"><subfield code="a">Boca Raton</subfield><subfield code="b">Chapman&amp;Hall/CRC</subfield><subfield code="c">2001</subfield></datafield><datafield ind1=" " ind2=" " tag="300"><subfield code="a">607 p</subfield></datafield><datafield ind1=" " ind2=" " tag="504"><subfield code="a">Includes index</subfield></datafield><datafield ind1=" " ind2="4" tag="650"><subfield code="a">Quantitative Approximations</subfield></datafield><datafield ind1=" " ind2=" " tag="852"><subfield code="a">81408</subfield><subfield code="c">517</subfield></datafield><datafield ind1=" " ind2=" " tag="CAT"><subfield code="a">Sys</subfield><subfield code="c">20080714</subfield><subfield code="h">122049</subfield></datafield></record></collection>